@book{adams1995hitchhiker,
  title={The Hitchhiker's Guide to the Galaxy},
  author={Adams, D.},
  isbn={9781417642595},
  url={http://books.google.com/books?id=W-xMPgAACAAJ},
  year={1995},
  publisher={San Val}
}

@article{afshar_application_2006,
	title = {Application of a {Genetic} {Algorithm} to {Storm} {Sewer} {Network} {Optimization}},
	volume = {13},
	issn = {1026-3098},
	url = {http://scientiairanica.sharif.edu/article_2581.html},
	abstract = {In this paper, a genetic algorithm is developed for the optimal design of storm water networks. The nodal elevations of the sewer network are taken as the decision variables. A steady state simulation code is used to analyze the trial solutions provided by the GA optimizer. The performance of the four selection schemes namely, conventional roulette wheel, roulette wheel selection with linear scaling, roulette wheel selection with ranking and, finally, roulette wheel selection with power law scaling, is studied by applying the model to some benchmark examples in the literature. The conventional roulette wheel selection scheme produced superior results compared to other methods. The results produced by the proposed model are either comparable or superior to existing results in the literature.},
	language = {English},
	number = {3},
	urldate = {2018-03-12TZ},
	journal = {Scientia Iranica},
	author = {Afshar, M. H.},
	month = jul,
	year = {2006},
	keywords = {Algoritmo}
}

@misc{instituto_costarricense_de_acueductos_y_alcantarillados_aya_norma_2018,
	title = {Norma técnica para diseño y construcción de sistemas de abastecimiento de agua potable, de saneamiento y pluvial},
	url = {https://www.aya.go.cr/Noticias/Documents/Norma%20dise%C3%B1o%20y%20construccion%20sistemas%20agua,%20saneamiento%20y%20pluvial.pdf},
	abstract = {Le corresponde al Instituto Costarricense de Acueductos y Alcantarillados (AyA), como ente rector en materia de servicios de abastecimiento de agua potable y saneamiento y sistemas pluviales, la elaboración y actualización de la normativa y reglamentación técnica que rige el diseño, construcción, operación, mantenimiento y control de estos sistemas dentro del territorio nacional.},
	language = {Español},
	publisher = {AyA},
	author = {{Instituto Costarricense de Acueductos y Alcantarillados (AyA)}},
	month = sep,
	year = {2018},
	keywords = {Normativa}
}

